<?xml version="1.0" encoding="UTF-8"?>
  <record xmlns="http://www.loc.gov/MARC21/slim" type="Authority">
    <leader>00000nz  a2200000oc 4500</leader>
    <controlfield tag="001">103752280X</controlfield>
    <controlfield tag="003">DE-101</controlfield>
    <controlfield tag="005">20220225154926.0</controlfield>
    <controlfield tag="008">130726n||aznnnaabn           | aaa    |c</controlfield>
    <datafield tag="024" ind1="7" ind2=" ">
      <subfield code="a">103752280X</subfield>
      <subfield code="0">http://d-nb.info/gnd/103752280X</subfield>
      <subfield code="2">gnd</subfield>
    </datafield>
    <datafield tag="035" ind1=" " ind2=" ">
      <subfield code="a">(DE-101)103752280X</subfield>
    </datafield>
    <datafield tag="035" ind1=" " ind2=" ">
      <subfield code="a">(DE-588)103752280X</subfield>
    </datafield>
    <datafield tag="040" ind1=" " ind2=" ">
      <subfield code="a">DE-23</subfield>
      <subfield code="c">DE-23</subfield>
      <subfield code="9">r:DE-601</subfield>
      <subfield code="b">ger</subfield>
      <subfield code="d">9999</subfield>
    </datafield>
    <datafield tag="042" ind1=" " ind2=" ">
      <subfield code="a">gnd6</subfield>
    </datafield>
    <datafield tag="075" ind1=" " ind2=" ">
      <subfield code="b">p</subfield>
      <subfield code="2">gndgen</subfield>
    </datafield>
    <datafield tag="075" ind1=" " ind2=" ">
      <subfield code="b">piz</subfield>
      <subfield code="2">gndspec</subfield>
    </datafield>
    <datafield tag="079" ind1=" " ind2=" ">
      <subfield code="a">g</subfield>
      <subfield code="q">f</subfield>
      <subfield code="u">r</subfield>
    </datafield>
    <datafield tag="100" ind1="1" ind2=" ">
      <subfield code="a">Lübke, Hartwig</subfield>
      <subfield code="d">-1703</subfield>
    </datafield>
    <datafield tag="500" ind1="1" ind2=" ">
      <subfield code="0">(DE-101)1037564758</subfield>
      <subfield code="0">(DE-588)1037564758</subfield>
      <subfield code="0">https://d-nb.info/gnd/1037564758</subfield>
      <subfield code="a">Lembke, Johann</subfield>
      <subfield code="c">II.</subfield>
      <subfield code="d">-1714</subfield>
      <subfield code="4">rela</subfield>
      <subfield code="4">https://d-nb.info/standards/elementset/gnd#relatedPerson</subfield>
      <subfield code="w">r</subfield>
      <subfield code="i">Relation allgemein</subfield>
      <subfield code="e">Relation allgemein</subfield>
    </datafield>
    <datafield tag="510" ind1="2" ind2=" ">
      <subfield code="0">(DE-101)1004503075</subfield>
      <subfield code="0">(DE-588)6146189-1</subfield>
      <subfield code="0">https://d-nb.info/gnd/6146189-1</subfield>
      <subfield code="a">Peter Schröder Erben</subfield>
      <subfield code="4">affi</subfield>
      <subfield code="4">https://d-nb.info/standards/elementset/gnd#affiliation</subfield>
      <subfield code="w">r</subfield>
      <subfield code="i">Affiliation</subfield>
      <subfield code="e">Affiliation</subfield>
      <subfield code="9">v:Vorgängerinstitution der Druckerei</subfield>
    </datafield>
    <datafield tag="548" ind1=" " ind2=" ">
      <subfield code="a">-1703</subfield>
      <subfield code="4">datl</subfield>
      <subfield code="4">https://d-nb.info/standards/elementset/gnd#dateOfDeath</subfield>
      <subfield code="w">r</subfield>
      <subfield code="i">Lebensdaten</subfield>
    </datafield>
    <datafield tag="550" ind1=" " ind2=" ">
      <subfield code="0">(DE-101)040130916</subfield>
      <subfield code="0">(DE-588)4013091-5</subfield>
      <subfield code="0">https://d-nb.info/gnd/4013091-5</subfield>
      <subfield code="a">Drucker</subfield>
      <subfield code="4">beru</subfield>
      <subfield code="4">https://d-nb.info/standards/elementset/gnd#professionOrOccupation</subfield>
      <subfield code="w">r</subfield>
      <subfield code="i">Beruf</subfield>
      <subfield code="9">Z:1698-1703</subfield>
    </datafield>
    <datafield tag="551" ind1=" " ind2=" ">
      <subfield code="0">(DE-101)040539504</subfield>
      <subfield code="0">(DE-588)4053950-7</subfield>
      <subfield code="0">https://d-nb.info/gnd/4053950-7</subfield>
      <subfield code="a">Schwerin</subfield>
      <subfield code="4">ortw</subfield>
      <subfield code="4">https://d-nb.info/standards/elementset/gnd#placeOfActivity</subfield>
      <subfield code="w">r</subfield>
      <subfield code="i">Wirkungsort</subfield>
      <subfield code="9">Z:1698-1703</subfield>
    </datafield>
    <datafield tag="667" ind1=" " ind2=" ">
      <subfield code="a">VD-17</subfield>
    </datafield>
    <datafield tag="670" ind1=" " ind2=" ">
      <subfield code="a">Benzing (Drucker), S. 417 ; Paisey (1988), S. 161 ; Sander-Berke, Antje: Schwarz auf Weiss Buchdruck in Mecklenburg u. Schwerin (1994), S. 28</subfield>
    </datafield>
    <datafield tag="678" ind1=" " ind2=" ">
      <subfield code="b">Bereits vor 1686 hatte Hartwig Lübke eine Tochter des Schweriner Buchdruckers Peter Schröder geheiratet u. war in die Schrödersche Offizin eingetreten. Nach dem Tod seines Schwiegervaters übernahm er 1698 die Druckerei von den Erben. Nach dem Tode seiner Frau heiratete er Christine Juliane Schwartze, die - 1703 verwitwet - dann in 2. Ehe den Buchdrucker Johann Lembke &lt;II.&gt; (gest. 1714) u. in 3. Ehe den Buchdrucker Wilhelm Bärensprung (1692-1761) heiratete u. diese dadurch 1705 bzw. 1716 zu Hofbuchdruckern machte</subfield>
    </datafield>
  </record>
